@inproceedings{Juels:2013:HMP:2508859.2516671,
 author = {Juels, Ari and Rivest, Ronald L.},
 title = {Honeywords: Making Password-cracking Detectable},
 booktitle = {Proceedings of the 2013 ACM SIGSAC Conference on Computer \& Communications Security},
 series = {CCS '13},
 year = {2013},
 isbn = {978-1-4503-2477-9},
 location = {Berlin, Germany},
 pages = {145--160},
 numpages = {16},
 url = {http://doi.acm.org/10.1145/2508859.2516671},
 doi = {10.1145/2508859.2516671},
 acmid = {2516671},
 publisher = {ACM},
 address = {New York, NY, USA},
 keywords = {authentication, chaffing, honeywords, login, password cracking, password hashes, passwords},
}

@inproceedings{Mazurek:2013:MPG:2508859.2516726,
 author = {Mazurek, Michelle L. and Komanduri, Saranga and Vidas, Timothy and Bauer, Lujo and Christin, Nicolas and Cranor, Lorrie Faith and Kelley, Patrick Gage and Shay, Richard and Ur, Blase},
 title = {Measuring Password Guessability for an Entire University},
 booktitle = {Proceedings of the 2013 ACM SIGSAC Conference on Computer \& Communications Security},
 series = {CCS '13},
 year = {2013},
 isbn = {978-1-4503-2477-9},
 location = {Berlin, Germany},
 pages = {173--186},
 numpages = {14},
 url = {http://doi.acm.org/10.1145/2508859.2516726},
 doi = {10.1145/2508859.2516726},
 acmid = {2516726},
 publisher = {ACM},
 address = {New York, NY, USA},
 keywords = {authentication, password security, passwords},
}

@inproceedings{5207658, 
 author={Weir, M. and Aggarwal, S. and de Medeiros, B. and Glodek, B.}, 
 booktitle={Security and Privacy, 2009 30th IEEE Symposium on}, 
 title={Password Cracking Using Probabilistic Context-Free Grammars}, 
 year={2009}, 
 pages={391-405}, 
 keywords={computer crime;context-free grammars;dictionaries;probability;computer crime;data security;dictionary-based password cracking attack;password cracking program;probabilistic context-free grammars;word-mangling rules;Access control;Computer crime;Computer science;Computer security;Data security;Dictionaries;Hardware;Privacy;Testing;USA Councils;Computer crime;Computer security;Data security}, 
 doi={10.1109/SP.2009.8}, 
 ISSN={1081-6011},
}
